{
  "leader": "02705cam a2200529Ii 4500",
  "fields": [
    {
      "001": "ocm01425206\\"
    },
    {
      "003": "OCoLC"
    },
    {
      "005": "20220106162750.0"
    },
    {
      "008": "750702s1946\\\\\\\\nyuach\\\\\\b\\\\\\\\001\\0\\eng\\c"
    },
    {
      "010": {
        "ind1": "\\",
        "ind2": "\\",
        "subfields": [
          {
            "a": "   47002298 "
          }
        ]
      }
    },
    {
      "040": {
        "ind1": "\\",
        "ind2": "\\",
        "subfields": [
          {
            "a": "ORL"
          },
          {
            "b": "eng"
          },
          {
            "c": "ORL"
          },
          {
            "d": "OCLCQ"
          },
          {
            "d": "MUQ"
          },
          {
            "d": "DRB"
          },
          {
            "d": "OCLCG"
          },
          {
            "d": "OCLCA"
          },
          {
            "d": "AAA"
          },
          {
            "d": "OCLCQ"
          },
          {
            "d": "OCLCF"
          },
          {
            "d": "OCLCQ"
          },
          {
            "d": "UKMGB"
          },
          {
            "d": "OCLCO"
          },
          {
            "d": "FWR"
          },
          {
            "d": "NLC"
          },
          {
            "d": "OCLCQ"
          },
          {
            "d": "CNTCS"
          },
          {
            "d": "GGB"
          }
        ]
      }
    },
    {
      "016": {
        "ind1": "7",
        "ind2": "\\",
        "subfields": [
          {
            "a": "002567044"
          },
          {
            "2": "Uk"
          }
        ]
      }
    },
    {
      "016": {
        "ind1": "\\",
        "ind2": "\\",
        "subfields": [
          {
            "a": "(AMICUS)000006800014"
          }
        ]
      }
    },
    {
      "019": {
        "ind1": "\\",
        "ind2": "\\",
        "subfields": [
          {
            "a": "29116115"
          },
          {
            "a": "668203825"
          },
          {
            "a": "796953410"
          },
          {
            "a": "800846735"
          },
          {
            "a": "890407310"
          },
          {
            "a": "936419847"
          },
          {
            "a": "1002650434"
          },
          {
            "a": "1015583170"
          },
          {
            "a": "1055434670"
          },
          {
            "a": "1066132489"
          },
          {
            "a": "1112797920"
          }
        ]
      }
    },
    {
      "035": {
        "ind1": "\\",
        "ind2": "\\",
        "subfields": [
          {
            "a": "(OCoLC)1425206"
          },
          {
            "z": "(OCoLC)29116115"
          },
          {
            "z": "(OCoLC)668203825"
          },
          {
            "z": "(OCoLC)796953410"
          },
          {
            "z": "(OCoLC)800846735"
          },
          {
            "z": "(OCoLC)890407310"
          },
          {
            "z": "(OCoLC)936419847"
          },
          {
            "z": "(OCoLC)1002650434"
          },
          {
            "z": "(OCoLC)1015583170"
          },
          {
            "z": "(OCoLC)1055434670"
          },
          {
            "z": "(OCoLC)1066132489"
          },
          {
            "z": "(OCoLC)1112797920"
          }
        ]
      }
    },
    {
      "050": {
        "ind1": "\\",
        "ind2": "4",
        "subfields": [
          {
            "a": "BV2035"
          },
          {
            "b": ".M65"
          }
        ]
      }
    },
    {
      "082": {
        "ind1": "0",
        "ind2": "4",
        "subfields": [
          {
            "a": "266.081"
          },
          {
            "b": "MOT"
          }
        ]
      }
    },
    {
      "100": {
        "ind1": "1",
        "ind2": "\\",
        "subfields": [
          {
            "a": "Mott, John R."
          },
          {
            "q": "(John Raleigh),"
          },
          {
            "d": "1865-1955."
          }
        ]
      }
    },
    {
      "245": {
        "ind1": "1",
        "ind2": "0",
        "subfields": [
          {
            "a": "Addresses and papers."
          }
        ]
      }
    },
    {
      "246": {
        "ind1": "3",
        "ind2": "\\",
        "subfields": [
          {
            "a": "Addresses and papers of John R. Mott"
          }
        ]
      }
    },
    {
      "260": {
        "ind1": "\\",
        "ind2": "\\",
        "subfields": [
          {
            "a": "New York :"
          },
          {
            "b": "Association Press,"
          },
          {
            "c": "1946-47."
          }
        ]
      }
    },
    {
      "300": {
        "ind1": "\\",
        "ind2": "\\",
        "subfields": [
          {
            "a": "6 volumes :"
          },
          {
            "b": "illustrations, portraits, facsimiles ;"
          },
          {
            "c": "24 cm"
          }
        ]
      }
    },
    {
      "336": {
        "ind1": "\\",
        "ind2": "\\",
        "subfields": [
          {
            "a": "text"
          },
          {
            "b": "txt"
          },
          {
            "2": "rdacontent"
          }
        ]
      }
    },
    {
      "337": {
        "ind1": "\\",
        "ind2": "\\",
        "subfields": [
          {
            "a": "unmediated"
          },
          {
            "b": "n"
          },
          {
            "2": "rdamedia"
          }
        ]
      }
    },
    {
      "338": {
        "ind1": "\\",
        "ind2": "\\",
        "subfields": [
          {
            "a": "volume"
          },
          {
            "b": "nc"
          },
          {
            "2": "rdacarrier"
          }
        ]
      }
    },
    {
      "505": {
        "ind1": "0",
        "ind2": "\\",
        "subfields": [
          {
            "a": "v. 1. The Student Volunteer Movement for Foreign Missions.-v. 2. The World's Student Christian Federation.-v. 3-4. The Young Men's Christian Associations. v. 5. The international Missionary Council.--v.6. Selected papers and addresses."
          }
        ]
      }
    },
    {
      "504": {
        "ind1": "\\",
        "ind2": "\\",
        "subfields": [
          {
            "a": "Includes bibliographical references and indexes."
          }
        ]
      }
    },
    {
      "610": {
        "ind1": "2",
        "ind2": "0",
        "subfields": [
          {
            "a": "Student Volunteer Movement for Foreign Missions."
          }
        ]
      }
    },
    {
      "610": {
        "ind1": "2",
        "ind2": "0",
        "subfields": [
          {
            "a": "World's Student Christian Federation."
          }
        ]
      }
    },
    {
      "610": {
        "ind1": "2",
        "ind2": "0",
        "subfields": [
          {
            "a": "Young Men's Christian Associations of North America."
          }
        ]
      }
    },
    {
      "610": {
        "ind1": "2",
        "ind2": "0",
        "subfields": [
          {
            "a": "International Missionary Council."
          }
        ]
      }
    },
    {
      "610": {
        "ind1": "2",
        "ind2": "7",
        "subfields": [
          {
            "a": "International Missionary Council."
          },
          {
            "2": "fast"
          },
          {
            "0": "(OCoLC)fst00519110"
          }
        ]
      }
    },
    {
      "610": {
        "ind1": "2",
        "ind2": "7",
        "subfields": [
          {
            "a": "Student Volunteer Movement for Foreign Missions."
          },
          {
            "2": "fast"
          },
          {
            "0": "(OCoLC)fst00711389"
          }
        ]
      }
    },
    {
      "610": {
        "ind1": "2",
        "ind2": "7",
        "subfields": [
          {
            "a": "World's Student Christian Federation."
          },
          {
            "2": "fast"
          },
          {
            "0": "(OCoLC)fst00549363"
          }
        ]
      }
    },
    {
      "610": {
        "ind1": "2",
        "ind2": "7",
        "subfields": [
          {
            "a": "Young Men's Christian Associations of North America."
          },
          {
            "2": "fast"
          },
          {
            "0": "(OCoLC)fst00676444"
          }
        ]
      }
    },
    {
      "650": {
        "ind1": "\\",
        "ind2": "0",
        "subfields": [
          {
            "a": "Missions."
          }
        ]
      }
    },
    {
      "650": {
        "ind1": "\\",
        "ind2": "7",
        "subfields": [
          {
            "a": "Missions."
          },
          {
            "2": "fast"
          },
          {
            "0": "(OCoLC)fst01023771"
          }
        ]
      }
    },
    {
      "655": {
        "ind1": "\\",
        "ind2": "7",
        "subfields": [
          {
            "a": "Conference papers and proceedings."
          },
          {
            "2": "fast"
          },
          {
            "0": "(OCoLC)fst01423772"
          }
        ]
      }
    },
    {
      "776": {
        "ind1": "0",
        "ind2": "8",
        "subfields": [
          {
            "i": "Online version:"
          },
          {
            "a": "Mott, John R. (John Raleigh), 1865-1955."
          },
          {
            "t": "Addresses and papers."
          },
          {
            "d": "New York, Association Press, 1946-47"
          },
          {
            "w": "(OCoLC)760842816"
          }
        ]
      }
    },
    {
      "994": {
        "ind1": "\\",
        "ind2": "\\",
        "subfields": [
          {
            "a": "Z0"
          },
          {
            "b": "NYRVC"
          }
        ]
      }
    },
    {
      "948": {
        "ind1": "\\",
        "ind2": "\\",
        "subfields": [
          {
            "h": "NO HOLDINGS IN NYRVC - 244 OTHER HOLDINGS"
          }
        ]
      }
    },
    {
      "999": {
        "ind1": "\\",
        "ind2": "\\",
        "subfields": [
          {
            "a": "00000000016390"
          },
          {
            "v": "I"
          }
        ]
      }
    },
    {
      "999": {
        "ind1": "\\",
        "ind2": "\\",
        "subfields": [
          {
            "a": "00000000016386"
          },
          {
            "v": "II"
          }
        ]
      }
    },
    {
      "999": {
        "ind1": "\\",
        "ind2": "\\",
        "subfields": [
          {
            "a": "00000000016363"
          },
          {
            "v": "III"
          }
        ]
      }
    },
    {
      "999": {
        "ind1": "\\",
        "ind2": "\\",
        "subfields": [
          {
            "a": "00000000016382"
          },
          {
            "v": "IV"
          }
        ]
      }
    },
    {
      "999": {
        "ind1": "\\",
        "ind2": "\\",
        "subfields": [
          {
            "a": "00000000016359"
          },
          {
            "v": "V"
          }
        ]
      }
    },
    {
      "999": {
        "ind1": "\\",
        "ind2": "\\",
        "subfields": [
          {
            "a": "00000000016355"
          },
          {
            "v": "VI"
          }
        ]
      }
    }
  ]
}